@INPROCEEDINGS{Kolar-03, 
address={Harbin, China},
author={Cortes, P. and Boillat, D. O. and Friedli, T. and Schweizer, M. and Kolar, J. W. and Rodriguez, J. and Hribernik, W.}, 
booktitle={IEEE 7th Int. Power Electron. and Motion Control Conf. (IPEMC)}, 
title={Comparative evaluation of control schemes for a high bandwidth three-phase AC source}, 
year={2012}, 
month={}, 
volume={1}, 
pages={321-329}, 
keywords={Bandwidth;Harmonic analysis;Impedance;Pulse width modulation;Transfer functions;Voltage control;Voltage measurement;Audio Susceptibility;Cascaded PI Controllers;MPC;Output Impedance;PWM;Reference Tracking Transfer Function}, 
doi={10.1109/IPEMC.2012.6258866},}

@INPROCEEDINGS{Kolar-04, 
address={Niigata, Japan},
author={Drofenik, U. and Kolar, J. W.}, 
journal={Proc. of the Int. Power Electron. Conf. (IPEC)}, 
title={A General Scheme for Calculating Switching and Conduction Losses of Power Semiconductors in Numerical Circuit Simulations of Power Electronic Systems}, 
year={2005}, 
month={}, 
volume={}, 
number={}, 
pages={4-8}, 
publisher={},
ISSN={},}

@INPROCEEDINGS{Kolar-05, 
address={Glendale, AZ},
author={Schweizer, M. and Lizama, I. and Friedli, T. and Kolar, J .W.}, 
booktitle={IEEE 36th Ann. Conf. Ind. Electron., Control and Instrumentation (IECON)}, 
title={Comparison of the chip area usage of 2-level and 3-level voltage source converter topologies}, 
year={2010}, 
month={}, 
pages={391-396}, 
keywords={bridge circuits;network topology;power convertors;3-level bridge leg module;T-type topology;chip area usage;frequency 4 kHz to 20 kHz;junction temperature;switching frequencies;voltage source converter topologies;Insulated gate bipolar transistors;Power conversion;Switches;Switching frequency;Switching loss;Topology}, 
doi={10.1109/IECON.2010.5674994}, 
ISSN={1553-572X},}

@ARTICLE{Kolar-06, 
author={Kolar, J. W. and Ertl, H. and Zach, Franz C.}, 
journal={IEEE Trans. Ind. Appl.}, 
title={Influence of the modulation method on the conduction and switching losses of a PWM converter system}, 
year={1991}, 
month={}, 
volume={27}, 
number={6}, 
pages={1063-1075}, 
keywords={harmonics;losses;power convertors;pulse width modulation;semiconductor switches;switching;PWM;bridge leg;conduction losses;electric valves;power converter;power loss;semiconductor switches;switching frequency;switching losses;Bridges;Frequency modulation;Leg;Optimization methods;Phase modulation;Power system harmonics;Pulse shaping methods;Pulse width modulation;Pulse width modulation converters;Shape}, 
doi={10.1109/28.108456}, 
ISSN={0093-9994},}

@ARTICLE{Lipo-01, 
author={Hava, A. M. and Kerkman, R. J. and Lipo, T. A.}, 
journal={IEEE Trans. Power Electron.}, 
title={Carrier-based PWM-VSI overmodulation strategies: analysis, comparison, and design}, 
year={1998}, 
month={}, 
volume={13}, 
number={4}, 
pages={674-689}, 
keywords={DC-AC power convertors;PWM invertors;harmonic distortion;linearisation techniques;power system harmonics;PWM VSI;blanking time;carrier-based overmodulation strategies;design;discontinuous PWM method;gain linearization technique;induction motor drive;minimum pulsewidth control;performance analysis;performance prediction;voltage-gain characteristics;voltage-source inverter;waveform quality;Blanking;Frequency;Induction motor drives;Laboratories;Pulse inverters;Pulse width modulation;Pulse width modulation inverters;Space vector pulse width modulation;Testing;Voltage}, 
doi={10.1109/63.704136}, 
ISSN={0885-8993},}

@ARTICLE{Lipo-02, 
author={Hava, A. M. and Kerkman, R. J. and Lipo, T. A.}, 
journal={IEEE Trans. Ind. Appl.}, 
title={A high-performance generalized discontinuous PWM algorithm}, 
year={1998}, 
month={}, 
volume={34}, 
number={5}, 
pages={1059-1071}, 
keywords={AC motor drives;DC-AC power convertors;PWM invertors;machine theory;switching circuits;AC motor drive applications;PWM VSI;compactness;generalized discontinuous PWM algorithm;high modulation operating range;performance;performance characteristics;simplicity;space-vector PWM method;voltage-source inverter;Linearity;Performance analysis;Performance loss;Pulse width modulation;Pulse width modulation inverters;Pulsed power supplies;Space vector pulse width modulation;Switches;Switching loss;Voltage}, 
doi={10.1109/28.720446}, 
ISSN={0093-9994},}

@INPROCEEDINGS{Liu-01, 
address={Chicago, IL},
author={Liu, J. and Chen, W. and Zhang, J. and Xu, D. and Lee, F. C.}, 
booktitle={IEEE 36th Conf. Rec. of the Ind. Applicat. Soc. Ann. Meeting}, 
title={Evaluation of power losses in different CCM mode single-phase boost PFC converters via a simulation tool}, 
year={2001}, 
month={}, 
volume={4}, 
pages={2455-2459}, 
keywords={DC-DC power convertors;circuit simulation;losses;power factor correction;power semiconductor diodes;switching circuits;CCM mode single-phase boost PFC converters;computer simulation;conduction loss;continuous-conduction-mode;development;diode reverse recovery loss;loss estimation;power electronics circuit topology;power losses;power losses evaluation;power semiconductors;research;simulation tool;single-phase power factor correction topologies;switching loss;Circuit simulation;Circuit topology;Computational modeling;Computer simulation;Loss measurement;Power electronics;Power factor correction;Power measurement;Semiconductor diodes;Switching loss}, 
doi={10.1109/IAS.2001.955965}, 
ISSN={0197-2618},}

@INPROCEEDINGS{Wang-01, 
address={Orlando, FL},
author={Jiang, D. and Wang, F.}, 
booktitle={27th Annu. IEEE Applied Power Electron. Conf. and Expo. (APEC)}, 
title={Study of analytical current ripple of three-phase PWM converter}, 
year={2012}, 
month={}, 
pages={1568-1575}, 
keywords={PWM power convertors;electromagnetic interference;switching convertors;EMI improvement;RMS value;Thevenin equivalent circuit;analytical current ripple study;current ripple peak value;energy conversion system;loss improvement;single-phase converter current ripple;three-phase PWM converter;three-phase converter current ripple;variable switching frequency PWM method;voltage vector;Equivalent circuits;Simulation;Space vector pulse width modulation;Switches;Switching frequency;Vectors}, 
doi={10.1109/APEC.2012.6166029},}

@ARTICLE{Wang-02, 
author={Jiang, D. and Wang, F.}, 
journal={IEEE Trans. Power Electron.}, 
title={Variable Switching Frequency PWM for Three-Phase Converters Based on Current Ripple Prediction}, 
year={2013}, 
month={}, 
volume={28}, 
number={11}, 
pages={4951-4961}, 
keywords={PWM power convertors;digital signal processing chips;electric current control;electromagnetic interference;frequency control;power supply quality;switching convertors;DSP;EMI;RMS;current ripple prediction;electromagnetic interference noise;power quality;pulse-width-modulation method;three-phase variable switching frequency pwm converter;variable switching frequency control method;Electromagnetic interference;Equivalent circuits;Pulse width modulation;Switches;Switching frequency;Vectors;Current ripple;electromagnetic interference (EMI);losses;pulse width modulation (PWM);variable switching frequency}, 
doi={10.1109/TPEL.2013.2240701}, 
ISSN={0885-8993},}

@ARTICLE{Wang-03, 
author={Jiang, D. and Wang, F.}, 
journal={IEEE Trans. Ind. Appl.}, 
title={Current-Ripple Prediction for Three-Phase PWM Converters}, 
year={2014}, 
month={}, 
volume={50}, 
number={1}, 
pages={531-538}, 
keywords={PWM power convertors;control system analysis;equivalent circuits;Thevenin equivalent circuit;current ripple prediction;pulsewidth modulation converter;three phase PWM converters;voltage vector;Equivalent circuits;Inductors;Simulation;Space vector pulse width modulation;Switches;Vectors;Current ripple;prediction;pulsewidth modulation (PWM);three-phase converter}, 
doi={10.1109/TIA.2013.2270224}, 
ISSN={0093-9994},}

@ARTICLE{Wang-04, 
author={Jiang, D. and Wang, F.}, 
journal={IEEE Trans. Power Electron.}, 
title={A General Current Ripple Prediction Method for the Multiphase Voltage Source Converter}, 
year={2014}, 
month={}, 
volume={29}, 
number={6}, 
pages={2643-2648}, 
keywords={PWM power convertors;equivalent circuits;power inductors;arbitrary phase numbers;current ripple prediction method;equivalent circuit;equivalent converter-load model;five-phase converters;five-phase variable switching frequency PWM;inductor;multiphase voltage source converter;pulse width modulation switching;real-time prediction method;six-phase converters;Equivalent circuits;Inverters;Prediction methods;Pulse width modulation;Simulation;Switches;Vectors;Current ripple;equivalent circuit;multiphase;prediction;pulse width modulation (PWM);voltage source converter (VSC)}, 
doi={10.1109/TPEL.2013.2285715}, 
ISSN={0885-8993},}

@ARTICLE{Wheeler-01, 
author={Bradley, K. and Cao, W. and Clare, J. and Wheeler, P.}, 
journal={IEEE Trans. Power Electron.}, 
title={Predicting Inverter-Induced Harmonic Loss by Improved Harmonic Injection}, 
year={2008}, 
month={}, 
volume={23}, 
number={5}, 
pages={2619-2624}, 
keywords={calorimeters;harmonics;induction motors;losses;pulse width modulation;calorimeter;harmonic injection;induction motors;inverter-induced harmonic power loss;power 1.1 kW;power 15 kW;power 30 kW;power 7.5 kW;pulse width modulation waveform;Core loss;Frequency;Induction motors;Loss measurement;Power measurement;Power system harmonics;Pulse width modulation;Pulse width modulation inverters;Space vector pulse width modulation;Testing;Harmonic analysis;induction motors;loss measurement;power conversion harmonics;pulse width modulated inverters;variable speed drives}, 
doi={10.1109/TPEL.2008.2002329}, 
ISSN={0885-8993},}

@BOOK{Livros-Lipo, 
address={Piscataway, NJ},
author={Holmes, D. G. and Lipo, T. A.}, 
title={Pulse Width Modulation for Power Converters (Principles and Practice)}, 
year={2003}, 
pages={744}, 
publisher={John Wiley \& Sons, Inc.},
ISBN={},}

@BOOK{Livros-Erickson, 
address={New York, NY},
author={Erickson, R. W. and Maksimovic, D.}, 
title={Fundamentals of Power Electronics}, 
volume={2nd Ed.}, 
year={2001}, 
pages={883}, 
publisher={Kluwer Academic/Plenum Publishers},
ISBN={},}